@inproceedings{goyal2009expanders,
  title={Expanders via random spanning trees},
  author={Goyal, Navin and Rademacher, Luis and Vempala, Santosh},
  booktitle={Proceedings of the twentieth annual ACM-SIAM symposium on Discrete algorithms},
  pages={576--585},
  year={2009},
  organization={SIAM}
}

@article{murtagh2012algorithms,
  title={Algorithms for hierarchical clustering: an overview},
  author={Murtagh, Fionn and Contreras, Pedro},
  journal={Wiley Interdisciplinary Reviews: Data Mining and Knowledge Discovery},
  volume={2},
  number={1},
  pages={86--97},
  year={2012},
  publisher={Wiley Online Library}
}


@article{eisen1998cluster,
	Author = {Eisen, Michael B and Spellman, Paul T and Brown, Patrick O and Botstein, David},
	Journal = {Proceedings of the National Academy of Sciences},
	Number = {25},
	Pages = {14863--14868},
	Publisher = {National Acad Sciences},
	Title = {Cluster analysis and display of genome-wide expression patterns},
	Volume = {95},
	Year = {1998}}
	
	
@inproceedings{steinbach2000,
	Author = {Steinbach, Michael and Karypis, George and Kumar, Vipin and others},
	Booktitle = {KDD workshop on text mining},
	Date-Modified = {2019-10-07 07:47:21 +0000},
	Organization = {Boston},
	Pages = {525--526},
	Title = {A comparison of document clustering techniques},
	Volume = {400},
	Year = {2000}}
	

@inproceedings{marc2021differentially,
  title={Differentially Private Correlation Clustering},
  author={Marc, Bun and Elias, Marek and Janardhan, Kulkarni},
  booktitle={ICML},
  year={2021},
}

@inproceedings{epasto2022differentially,
  title={Differentially Private Graph Learning via Sensitivity-Bounded Personalized PageRank},
  author={Epasto, Alessandro and Mirrokni, Vahab and Perozzi, Bryan and Tsitsulin, Anton and Zhong, Peilin},
  booktitle={Neurips},
  year={2022}
}

@incollection{bateni2017affinity,
	Author = {Bateni, Mohammadhossein and Behnezhad, Soheil and Derakhshan, Mahsa and Hajiaghayi, MohammadTaghi and Kiveris, Raimondas and Lattanzi, Silvio and Mirrokni, Vahab},
	Booktitle = {Advances in Neural Information Processing Systems 30},
	Editor = {I. Guyon and U. V. Luxburg and S. Bengio and H. Wallach and R. Fergus and S. Vishwanathan and R. Garnett},
	Pages = {6864--6874},
	Publisher = {Curran Associates, Inc.},
	Title = {Affinity Clustering: Hierarchical Clustering at Scale},
	Year = {2017},
	}
@article{agarwal2022sublinear,
  title={Sublinear algorithms for hierarchical clustering},
  author={Agarwal, Arpit and Khanna, Sanjeev and Li, Huan and Patil, Prathamesh},
  journal={arXiv preprint arXiv:2206.07633},
  year={2022}
}

@article{J10,
	Author = {Anil K. Jain},
	Bibsource = {dblp computer science bibliography, https://dblp.org},
	Biburl = {https://dblp.org/rec/bib/journals/prl/Jain10},
	Doi = {10.1016/j.patrec.2009.09.011},
	Journal = {Pattern Recognition Letters},
	Number = {8},
	Pages = {651--666},
	Timestamp = {Fri, 27 Oct 2017 15:34:04 +0200},
	Title = {Data clustering: 50 years beyond K-means},
	Url = {https://doi.org/10.1016/j.patrec.2009.09.011},
	Volume = {31},
	Year = {2010},
	Bdsk-Url-1 = {https://doi.org/10.1016/j.patrec.2009.09.011}}
	
	
@article{jardine1968model,
	Author = {Jardine, N and Sibson, R},
	Date-Added = {2018-07-12 12:30:27 +0000},
	Date-Modified = {2018-07-12 12:30:27 +0000},
	Journal = {Mathematical Biosciences},
	Number = {3-4},
	Pages = {465--482},
	Publisher = {Elsevier},
	Title = {A model for taxonomy},
	Volume = {2},
	Year = {1968}}


@article{sneath1962numerical,
	Author = {Sneath, Peter HA and Sokal, Robert R},
	Date-Added = {2018-07-12 12:27:19 +0000},
	Date-Modified = {2018-07-12 12:27:19 +0000},
	Journal = {Nature},
	Number = {4818},
	Pages = {855--860},
	Publisher = {Nature Publishing Group},
	Title = {Numerical taxonomy},
	Volume = {193},
	Year = {1962}}	

@article{mann2008use,
	Author = {Mann, Charles F and Matula, David W and Olinick, Eli V},
	Date-Added = {2018-05-12 19:18:00 +0000},
	Date-Modified = {2018-05-12 19:18:00 +0000},
	Journal = {Social Networks},
	Number = {3},
	Pages = {223--234},
	Publisher = {Elsevier},
	Title = {The use of sparsest cuts to reveal the hierarchical community structure of social networks},
	Volume = {30},
	Year = {2008}}


@article{tumminello2010correlation,
	Author = {Tumminello, Michele and Lillo, Fabrizio and Mantegna, Rosario N},
	Journal = {Journal of Economic Behavior \& Organization},
	Number = {1},
	Pages = {40--58},
	Publisher = {Elsevier},
	Title = {Correlation, hierarchies, and networks in financial markets},
	Volume = {75},
	Year = {2010}}


@article{diez2015novel,
	Author = {Diez, Ibai and Bonifazi, Paolo and Escudero, I{\~n}aki and Mateos, Beatriz and Mu{\~n}oz, Miguel A and Stramaglia, Sebastiano and Cortes, Jesus M},
	Journal = {Scientific reports},
	Pages = {10532},
	Publisher = {Nature Publishing Group},
	Title = {A novel brain partition highlights the modular skeleton shared by structure and function},
	Volume = {5},
	Year = {2015}}


@book{leskovec2014mining,
	Author = {Leskovec, Jure and Rajaraman, Anand and Ullman, Jeffrey David},
	Publisher = {Cambridge university press},
	Title = {Mining of massive datasets},
	Year = {2014}}


@article{ward1963hierarchical,
	Author = {Ward Jr, Joe H},
	Date-Added = {2019-10-07 07:39:24 +0000},
	Date-Modified = {2019-10-07 07:39:24 +0000},
	Journal = {Journal of the American statistical association},
	Number = {301},
	Pages = {236--244},
	Publisher = {Taylor \& Francis Group},
	Title = {Hierarchical grouping to optimize an objective function},
	Volume = {58},
	Year = {1963}}

@inproceedings{dasgupta2016cost,
  title={A cost function for similarity-based hierarchical clustering},
  author={Dasgupta, Sanjoy},
  booktitle={Proceedings of the forty-eighth annual ACM symposium on Theory of Computing},
  pages={118--127},
  year={2016}
}
@inproceedings{erlingsson2014rappor,
  title={Rappor: Randomized aggregatable privacy-preserving ordinal response},
  author={Erlingsson, {\'U}lfar and Pihur, Vasyl and Korolova, Aleksandra},
  booktitle={Proceedings of the 2014 ACM SIGSAC conference on computer and communications security},
  pages={1054--1067},
  year={2014}
}

@article{moseley2017approximation,
  title={Approximation bounds for hierarchical clustering: Average linkage, bisecting k-means, and local search},
  author={Moseley, Benjamin and Wang, Joshua},
  journal={Advances in neural information processing systems},
  volume={30},
  year={2017}
}

@inproceedings{dwork2019differential,
  title={Differential privacy and the US census},
  author={Dwork, Cynthia},
  booktitle={Proceedings of the 38th ACM SIGMOD-SIGACT-SIGAI symposium on principles of database systems},
  pages={1--1},
  year={2019}
}


@inproceedings{machanavajjhala2017differential,
  title={Differential privacy in the wild: A tutorial on current practices \& open challenges},
  author={Machanavajjhala, Ashwin and He, Xi and Hay, Michael},
  booktitle={Proceedings of the 2017 ACM International Conference on Management of Data},
  pages={1727--1730},
  year={2017}
}

@inproceedings{roy2020crypte,
  title={Crypte: Crypto-assisted differential privacy on untrusted servers},
  author={Roy Chowdhury, Amrita and Wang, Chenghong and He, Xi and Machanavajjhala, Ashwin and Jha, Somesh},
  booktitle={Proceedings of the 2020 ACM SIGMOD International Conference on Management of Data},
  pages={603--619},
  year={2020}
}

@article{chaudhuri2011differentially,
  title={Differentially private empirical risk minimization.},
  author={Chaudhuri, Kamalika and Monteleoni, Claire and Sarwate, Anand D},
  journal={Journal of Machine Learning Research},
  volume={12},
  number={3},
  year={2011}
}


@inproceedings{dwork2006calibrating,
  title={Calibrating noise to sensitivity in private data analysis},
  author={Dwork, Cynthia and McSherry, Frank and Nissim, Kobbi and Smith, Adam},
  booktitle={Theory of cryptography conference},
  pages={265--284},
  year={2006},
  organization={Springer}
}



@inproceedings{mcsherry2007mechanism,
  title={Mechanism design via differential privacy},
  author={McSherry, Frank and Talwar, Kunal},
  booktitle={48th Annual IEEE Symposium on Foundations of Computer Science (FOCS'07)},
  pages={94--103},
  year={2007},
  organization={IEEE}
}

@inproceedings{kasiviswanathan2013analyzing,
  title={Analyzing graphs with node differential privacy},
  author={Kasiviswanathan, Shiva Prasad and Nissim, Kobbi and Raskhodnikova, Sofya and Smith, Adam},
  booktitle={Theory of Cryptography Conference},
  pages={457--476},
  year={2013},
  organization={Springer}
}


@article{Liu-Moitra-minimax,
  author    = {Allen Liu and
               Ankur Moitra},
  title     = {Minimax Rates for Robust Community Detection},
  journal   = {CoRR},
  volume    = {abs/2207.11903},
  year      = {2022},
  url       = {https://doi.org/10.48550/arXiv.2207.11903},
  doi       = {10.48550/arXiv.2207.11903},
  eprinttype = {arXiv},
  eprint    = {2207.11903},
}

@inproceedings{ding2022robust,
  title={Robust recovery for stochastic block models},
  author={Ding, Jingqiu and d'Orsi, Tommaso and Nasser, Rajai and Steurer, David},
  booktitle={2021 IEEE 62nd Annual Symposium on Foundations of Computer Science (FOCS)},
  pages={387--394},
  year={2022},
  organization={IEEE}
}
@article {MR4115142,
    AUTHOR = {Fei, Yingjie and Chen, Yudong},
     TITLE = {Achieving the {B}ayes error rate in synchronization and block
              models by {SDP}, robustly},
   JOURNAL = {IEEE Trans. Inform. Theory},
  FJOURNAL = {Institute of Electrical and Electronics Engineers.
              Transactions on Information Theory},
    VOLUME = {66},
      YEAR = {2020},
    NUMBER = {6},
     PAGES = {3929--3953},
      ISSN = {0018-9448},
   MRCLASS = {90C22 (05C80 62H30)},
  MRNUMBER = {4115142},
       DOI = {10.1109/TIT.2020.2966438},
       URL = {https://doi.org/10.1109/TIT.2020.2966438},
}

@inproceedings{moitra2016robust,
  title={How robust are reconstruction thresholds for community detection?},
  author={Moitra, Ankur and Perry, William and Wein, Alexander S},
  booktitle={Proceedings of the forty-eighth annual ACM symposium on Theory of Computing},
  pages={828--841},
  year={2016}
}


@inproceedings{montanari2016semidefinite,
  title={Semidefinite programs on sparse random graphs and their application to community detection},
  author={Montanari, Andrea and Sen, Subhabrata},
  booktitle={Proceedings of the forty-eighth annual ACM symposium on Theory of Computing},
  pages={814--827},
  year={2016}
}

@article{MR3520025-Guedon16,
	AUTHOR = {Gu\'edon, Olivier and Vershynin, Roman},
	TITLE = {Community detection in sparse networks via {G}rothendieck's
		inequality},
	JOURNAL = {Probab. Theory Related Fields},
	FJOURNAL = {Probability Theory and Related Fields},
	VOLUME = {165},
	YEAR = {2016},
	NUMBER = {3-4},
	PAGES = {1025--1049},
	ISSN = {0178-8051},
	MRCLASS = {05C82 (60C05 90C10 90C22)},
	MRNUMBER = {3520025},
	DOI = {10.1007/s00440-015-0659-z},
	URL = {http://dx.doi.org/10.1007/s00440-015-0659-z}
}



@inproceedings{balcan2017differentially,
  title={Differentially private clustering in high-dimensional euclidean spaces},
  author={Balcan, Maria-Florina and Dick, Travis and Liang, Yingyu and Mou, Wenlong and Zhang, Hongyang},
  booktitle={International Conference on Machine Learning},
  pages={322--331},
  year={2017},
  organization={PMLR}
}

@article{cohen2022scalable,
  title={Scalable differentially private clustering via hierarchically separated trees},
  author={Cohen-Addad, Vincent and Epasto, Alessandro and Lattanzi, Silvio and Mirrokni, Vahab and Munoz, Andres and Saulpic, David and Schwiegelshohn, Chris and Vassilvitskii, Sergei},
  journal={arXiv preprint arXiv:2206.08646},
  year={2022}
}

@inproceedings{chatziafratis2020bisect,
  title={Bisect and conquer: Hierarchical clustering via max-uncut bisection},
  author={Chatziafratis, Vaggos and Yaroslavtsev, Grigory and Lee, Euiwoong and Makarychev, Konstantin and Ahmadian, Sara and Epasto, Alessandro and Mahdian, Mohammad},
  booktitle={International Conference on Artificial Intelligence and Statistics},
  pages={3121--3132},
  year={2020},
  organization={PMLR}
}

@inproceedings{kapralov2023learning,
  title={Learning Hierarchical Cluster Structure of Graphs in Sublinear Time},
  author={Kapralov, Michael and Kumar, Akash and Lattanzi, Silvio and Mousavifar, Aida},
  booktitle={Proceedings of the 2023 Annual ACM-SIAM Symposium on Discrete Algorithms (SODA)},
  pages={925--939},
  year={2023},
  organization={SIAM}
}

@article{shao2022pmcdm,
  title={PMCDM: Privacy-preserving multiresolution community detection in multiplex networks},
  author={Shao, Zengyang and Ma, Lijia and Lin, Qiuzhen and Li, Jianqiang and Gong, Maoguo and Nandi, Asoke K},
  journal={Knowledge-Based Systems},
  volume={244},
  pages={108542},
  year={2022},
  publisher={Elsevier}
}

@inproceedings{cohennear,
  title={Near-Optimal Private and Scalable $ k $-Clustering},
  author={Cohen-Addad, Vincent and Epasto, Alessandro and Mirrokni, Vahab and Narayanan, Shyam and Zhong, Peilin},
  booktitle={Advances in Neural Information Processing Systems},
  year={2022},
}

@article{hegde2021sok,
  title={Sok: Efficient privacy-preserving clustering},
  author={Hegde, Aditya and M{\"o}llering, Helen and Schneider, Thomas and Yalame, Hossein},
  journal={Proceedings on Privacy Enhancing Technologies},
  volume={2021},
  number={4},
  pages={225--248},
  year={2021}
}

@article{ghazi2020differentially,
  title={Differentially private clustering: Tight approximation ratios},
  author={Ghazi, Badih and Kumar, Ravi and Manurangsi, Pasin},
  journal={Advances in Neural Information Processing Systems},
  volume={33},
  pages={4040--4054},
  year={2020}
}

@article{chen2023private,
  title={Private estimation algorithms for stochastic block models and mixture models},
  author={Chen, Hongjie and Cohen-Addad, Vincent and d'Orsi, Tommaso and Epasto, Alessandro and Imola, Jacob and Steurer, David and Tiegel, Stefan},
  journal={arXiv preprint arXiv:2301.04822},
  year={2023}
}

@inproceedings{dhulipala2022hierarchical,
  title={Hierarchical Agglomerative Graph Clustering in Poly-Logarithmic Depth},
  author={Dhulipala, Laxman and Eisenstat, David and {\L}acki, Jakub and Mirronki, Vahab and Shi, Jessica},
  booktitle={Neurips 2022},
  year={2022}
}

@article{virtanen2020scipy,
  title={SciPy 1.0: fundamental algorithms for scientific computing in Python},
  author={Virtanen, Pauli and Gommers, Ralf and Oliphant, Travis E and Haberland, Matt and Reddy, Tyler and Cournapeau, David and Burovski, Evgeni and Peterson, Pearu and Weckesser, Warren and Bright, Jonathan and others},
  journal={Nature methods},
  volume={17},
  number={3},
  pages={261--272},
  year={2020},
  publisher={Nature Publishing Group}
}


@article{arora2019differentially,
  title={On differentially private graph sparsification and applications},
  author={Arora, Raman and Upadhyay, Jalaj},
  journal={Advances in neural information processing systems},
  volume={32},
  year={2019}
}


@inproceedings{mcsherry2001spectral,
  title={Spectral partitioning of random graphs},
  author={McSherry, Frank},
  booktitle={Proceedings 42nd IEEE Symposium on Foundations of Computer Science},
  pages={529--537},
  year={2001},
  organization={IEEE}
}

@article{vu2014simple,
  title={A simple SVD algorithm for finding hidden partitions},
  author={Vu, Van},
  journal={arXiv preprint arXiv:1404.3918},
  year={2014}
}

@inproceedings{kairouz2015composition,
  title={The composition theorem for differential privacy},
  author={Kairouz, Peter and Oh, Sewoong and Viswanath, Pramod},
  booktitle={International conference on machine learning},
  pages={1376--1385},
  year={2015},
  organization={PMLR}
}
@inproceedings{vu2005spectral,
  title={Spectral norm of random matrices},
  author={Vu, Van H},
  booktitle={Proceedings of the thirty-seventh annual ACM symposium on Theory of computing},
  pages={423--430},
  year={2005}
}

@article{cohen2019hierarchical,
  title={Hierarchical clustering: Objective functions and algorithms},
  author={Cohen-Addad, Vincent and Kanade, Varun and Mallmann-Trenn, Frederik and Mathieu, Claire},
  journal={Journal of the ACM (JACM)},
  volume={66},
  number={4},
  pages={1--42},
  year={2019},
  publisher={ACM New York, NY, USA}
}

@inproceedings{eliavs2020differentially,
  title={Differentially private release of synthetic graphs},
  author={Eli{\'a}{\v{s}}, Marek and Kapralov, Michael and Kulkarni, Janardhan and Lee, Yin Tat},
  booktitle={Proceedings of the Fourteenth Annual ACM-SIAM Symposium on Discrete Algorithms},
  pages={560--578},
  year={2020},
  organization={SIAM}
}

@inproceedings{charikar2017approximate,
  title={Approximate hierarchical clustering via sparsest cut and spreading metrics},
  author={Charikar, Moses and Chatziafratis, Vaggos},
  booktitle={Proceedings of the Twenty-Eighth Annual ACM-SIAM Symposium on Discrete Algorithms},
  pages={841--854},
  year={2017},
  organization={SIAM}
}

@InProceedings{pmlr-v125-alon20b,
  title = 	 {Hierarchical Clustering: A 0.585 Revenue Approximation},
  author =       {Alon, Noga and Azar, Yossi and Vainstein, Danny},
  booktitle = 	 {Proceedings of Thirty Third Conference on Learning Theory},
  pages = 	 {153--162},
  year = 	 {2020},
  editor = 	 {Abernethy, Jacob and Agarwal, Shivani},
  volume = 	 {125},
  series = 	 {Proceedings of Machine Learning Research},
  month = 	 {09--12 Jul},
  pdf = 	 {http://proceedings.mlr.press/v125/alon20b/alon20b.pdf},
  url = 	 {https://proceedings.mlr.press/v125/alon20b.html},
}
@article{seif2022differentially,
  title={Differentially Private Community Detection for Stochastic Block Models},
  author={Seif, Mohamed and Nguyen, Dung and Vullikanti, Anil and Tandon, Ravi},
  journal={arXiv preprint arXiv:2202.00636},
  year={2022}
}

@article{cohen2017hierarchical,
  title={Hierarchical clustering beyond the worst-case},
  author={Cohen-Addad, Vincent and Kanade, Varun and Mallmann-Trenn, Frederik},
  journal={Advances in Neural Information Processing Systems},
  volume={30},
  year={2017}
}

@inproceedings{kolluri2021private,
  title={Private hierarchical clustering in federated networks},
  author={Kolluri, Aashish and Baluta, Teodora and Saxena, Prateek},
  booktitle={Proceedings of the 2021 ACM SIGSAC Conference on Computer and Communications Security},
  pages={2342--2360},
  year={2021}
}


@inproceedings{bun2021differentially,
  title={Differentially private correlation clustering},
  author={Bun, Mark and Elias, Marek and Kulkarni, Janardhan},
  booktitle={International Conference on Machine Learning},
  pages={1136--1146},
  year={2021},
  organization={PMLR}
}

@article{cohen2022near,
  title={Near-Optimal Correlation Clustering with Privacy},
  author={Cohen-Addad, Vincent and Fan, Chenglin and Lattanzi, Silvio and Mitrovi{\'c}, Slobodan and Norouzi-Fard, Ashkan and Parotsidis, Nikos and Tarnawski, Jakub},
  journal={arXiv preprint arXiv:2203.01440},
  year={2022}
}

@inproceedings{dwork2014analyze,
  title={Analyze gauss: optimal bounds for privacy-preserving principal component analysis},
  author={Dwork, Cynthia and Talwar, Kunal and Thakurta, Abhradeep and Zhang, Li},
  booktitle={Proceedings of the forty-sixth annual ACM symposium on Theory of computing},
  pages={11--20},
  year={2014}
}

@inproceedings{blocki2012johnson,
  title={The johnson-lindenstrauss transform itself preserves differential privacy},
  author={Blocki, Jeremiah and Blum, Avrim and Datta, Anupam and Sheffet, Or},
  booktitle={2012 IEEE 53rd Annual Symposium on Foundations of Computer Science},
  pages={410--419},
  year={2012},
  organization={IEEE}
}

@inproceedings{nissim2007smooth,
  title={Smooth sensitivity and sampling in private data analysis},
  author={Nissim, Kobbi and Raskhodnikova, Sofya and Smith, Adam},
  booktitle={Proceedings of the thirty-ninth annual ACM symposium on Theory of computing},
  pages={75--84},
  year={2007}
}

@inproceedings{xiao2014differentially,
  title={Differentially private network data release via structural inference},
  author={Xiao, Qian and Chen, Rui and Tan, Kian-Lee},
  booktitle={Proceedings of the 20th ACM SIGKDD international conference on Knowledge discovery and data mining},
  pages={911--920},
  year={2014}
}

@article{johnson1984extensions,
  title={Extensions of Lipschitz mappings into a Hilbert space},
  author={Johnson, William B},
  journal={Contemp. Math.},
  volume={26},
  pages={189--206},
  year={1984}
}

@book{bhatia1997,
    title={Matrix Analysis},
    author={Rajendra Bhatia},
    volume={169},
    year={1997},
    publisher={Springer Verlag}
}

@article{dwork2014algorithmic,
  title={The algorithmic foundations of differential privacy},
  author={Dwork, Cynthia and Roth, Aaron and others},
  journal={Foundations and Trends{\textregistered} in Theoretical Computer Science},
  volume={9},
  number={3--4},
  pages={211--407},
  year={2014},
  publisher={Now Publishers, Inc.}
}

@inproceedings{hardt2010geometry,
  title={On the geometry of differential privacy},
  author={Hardt, Moritz and Talwar, Kunal},
  booktitle={Proceedings of the forty-second ACM symposium on Theory of computing},
  pages={705--714},
  year={2010}
}

@article{lecun1998mnist,
  title={The MNIST database of handwritten digits},
  author={LeCun, Yann},
  journal={http://yann. lecun. com/exdb/mnist/},
  year={1998}
}

@article{pinot2018minimum,
  title={Minimum spanning tree release under differential privacy constraints},
  author={Pinot, Rafael},
  journal={arXiv preprint arXiv:1801.06423},
  year={2018}
}
